@Misc{REF_MIC,
   howpublished = {Documentación oficial de Django},
   type = {web page},
    url = {https://docs.djangoproject.com/en/3.0/},
    publisher = {Django Software Foundation}
}

@BOOK{WEB99,
   author = {Aymen El Amri},
   title= {Painless Docker},
   publisher = {Aymen El Amri},
   year = {2017},
   pages = {353--354}
  }
  
@BOOK{WEB98,
   author = {Sam Newman},
   title= {Building Microservices},
   publisher = {O' Reilly},
   year = {2015},
   pages = {353--354}
   }
   
@BOOK{WEB97,
   author = {Nigel Poulton},
   title= {Docker Deep Dive},
   publisher = {Nigel Poulton},
   year = {2018},
   pages = {353--354}
 }

@BOOK{WEB96,
   author = {Wes McKinney},
   title= {Python for Data Analysis, 2nd Edition},
   publisher = {O' Reilly},
   year = {2012},
   pages = {353--354}
 }

@article {STRO01,
   author = {Mckinney, Wes},
   title = {pandas: a Foundational Python Library for Data Analysis and Statistics},
   journal = {Python High Performance Science Computer},
   pages = {1-8},
   year = {2011}
}

@article{article,
author = {Giessler, Pascal and Gebhart, Michael and Sarancin, Dmitrij and Steinegger, Roland and Abeck, Sebastian},
year = {2015},
month = {11},
pages = {392-},
title = {Best Practices for the Design of RESTful Web Services},
volume = {10},
journal = {Proceedings - International Conference on Software Engineering}
}

@BOOK{WEB95,
   author = {Sebastián Peyrott},
   title= {JWT Handbook},
   publisher = {Auth0},
   year = {2018},
   pages = {5-40}
 }
 
@article{article2,
author = {Thaker, Nimit and Shukla, Abhilash},
year = {2020},
month = {01},
pages = {38-42},
title = {Python as Multi Paradigm Programming Language},
volume = {177},
journal = {International Journal of Computer Applications},
doi = {10.5120/ijca2020919775}
}

@book{book,
author = {Rubio, Daniel},
year = {2017},
month = {01},
pages = {},
title = {Beginning Django: Web Application Development and Deployment with Python},
isbn = {978-1-4842-2786-2},
doi = {10.1007/978-1-4842-2787-9}
}

@BOOK{WEB94,
   author = {Miguel Grinberg},
   title= {Flask Web Development: Developing Web Applications With Python},
   publisher = {O' Reilly},
   year = {2014},
   pages = {353--354}
 }
 
@BOOK{WEB93,
   author = {Flavio Copes},
   title= {React Handbook},
   publisher = {Flavio Copes},
   year = {2019},
   pages = {353--354}
 }
@BOOK{WEB92,
   author = {Stephen Corona},
   title= {Nginx: a practical guide to high performance},
   publisher = {O' Reilly},
   year = {2015},
   pages = {353--354}
 }

@article{article3,
author = {Ekowo, Manuela and Palmer, Iris},
year = {2016},
month = {10},
pages = {2-7},
title = {The promise and peril of predictive analytics in higher education},
}

@article{article4,
author = {Shein, Esther},
year = {2020},
month = {04},
pages = {18-20},
title = {How Universities Deploy Student Data},
journal = {COMMUNICATIONS OF THE ACM},
volume={55},
issue={4},
issn = {0001-0782},
doi = {10.1145/3389339}
}